<?xml version="1.0" encoding="UTF-8"?><collection xmlns="http://www.loc.gov/MARC21/slim"><record><leader>00417nam--2200121-i-4500</leader><controlfield tag="001">000035796</controlfield><controlfield tag="002">20161230</controlfield><controlfield tag="005">20161230201040</controlfield><controlfield tag="008">060222s1000------------r-----000-0-eng-d</controlfield><datafield ind1=" " ind2=" " tag="080"><subfield code="a">061.62(420):001.891:539.1(047.1)</subfield></datafield><datafield ind1=" " ind2=" " tag="245"><subfield code="a">Nuclear physics appendix to the daresbury annual report 1988/89. compiled by: d.d. warner /s.a.</subfield></datafield><datafield ind1=" " ind2=" " tag="260"><subfield code="a">Warrington, Science And Engineering Research Council, 1989. Iii+165p</subfield></datafield><datafield ind1=" " ind2=" " tag="852"><subfield code="a">78758</subfield></datafield></record></collection>